<record><leader>00000cas a2200000 a 4500</leader><controlfield tag="001">25361828</controlfield><controlfield tag="008">920228u18uuuuuuiludr ne      0   b0ger c</controlfield><datafield ind1=" " ind2=" " tag="010"><subfield code="a">sn 92054483 </subfield></datafield><datafield ind1=" " ind2=" " tag="040"><subfield code="a">NVF</subfield><subfield code="b">eng</subfield><subfield code="c">NVF</subfield><subfield code="d">OCL</subfield><subfield code="d">NVF</subfield><subfield code="d">OCLCF</subfield><subfield code="d">OCLCO</subfield><subfield code="d">NVF</subfield><subfield code="d">OCLCO</subfield><subfield code="d">OCL</subfield></datafield><datafield ind1=" " ind2=" " tag="042"><subfield code="a">pcc</subfield></datafield><datafield ind1=" " ind2=" " tag="043"><subfield code="a">n-us-il</subfield></datafield><datafield ind1="1" ind2="0" tag="242"><subfield code="a">Peoria sun.</subfield><subfield code="y">eng</subfield></datafield><datafield ind1="0" ind2="0" tag="245"><subfield code="a">Peoria Sonne.</subfield></datafield><datafield ind1="1" ind2="3" tag="246"><subfield code="a">Ta&#776;gliche Sonne</subfield></datafield><datafield ind1="1" ind2=" " tag="246"><subfield code="i">Published Sundays as:</subfield><subfield code="a">Peoria Sonntags-Glocke</subfield><subfield code="f">&lt;1891-Sept. 10, 1899&gt;</subfield></datafield><datafield ind1="3" ind2=" " tag="246"><subfield code="a">Peoria Sonntags Glocke</subfield></datafield><datafield ind1=" " ind2=" " tag="260"><subfield code="a">Peoria, Ill. :</subfield><subfield code="b">L. Ph. Wolf</subfield></datafield><datafield ind1=" " ind2=" " tag="300"><subfield code="a">v.</subfield></datafield><datafield ind1=" " ind2=" " tag="310"><subfield code="a">Daily</subfield></datafield><datafield ind1=" " ind2=" " tag="515"><subfield code="a">Sunday issues have their own numbering.</subfield></datafield><datafield ind1=" " ind2=" " tag="546"><subfield code="a">In German.</subfield></datafield><datafield ind1=" " ind2=" " tag="588"><subfield code="a">Description based on: 12. Jahrg., Nr. 216 (2. Jan. 1891).</subfield></datafield><datafield ind1=" " ind2=" " tag="588"><subfield code="a">Latest issue consulted: Sept. 10, 1899.</subfield></datafield><datafield ind1=" " ind2="0" tag="650"><subfield code="a">German Americans</subfield><subfield code="z">Illinois</subfield><subfield code="z">Peoria</subfield><subfield code="v">Newspapers.</subfield></datafield><datafield ind1=" " ind2="0" tag="650"><subfield code="a">German American newspapers</subfield><subfield code="z">Illinois</subfield><subfield code="z">Peoria.</subfield></datafield><datafield ind1=" " ind2="0" tag="651"><subfield code="a">Peoria (Ill.)</subfield><subfield code="v">Newspapers.</subfield></datafield><datafield ind1=" " ind2="7" tag="650"><subfield code="a">German American newspapers.</subfield><subfield code="2">fast</subfield><subfield code="0">(OCoLC)fst00941297</subfield></datafield><datafield ind1=" " ind2="7" tag="650"><subfield code="a">German Americans.</subfield><subfield code="2">fast</subfield><subfield code="0">(OCoLC)fst00941308</subfield></datafield><datafield ind1=" " ind2="7" tag="651"><subfield code="a">Illinois</subfield><subfield code="z">Peoria.</subfield><subfield code="2">fast</subfield><subfield code="0">(OCoLC)fst01206107</subfield></datafield><datafield ind1=" " ind2="7" tag="655"><subfield code="a">Newspapers.</subfield><subfield code="2">fast</subfield><subfield code="0">(OCoLC)fst01423814</subfield></datafield><datafield ind1=" " ind2=" " tag="752"><subfield code="a">United States</subfield><subfield code="b">Illinois</subfield><subfield code="c">Peoria County</subfield><subfield code="d">Peoria.</subfield></datafield><datafield ind1="0" ind2="0" tag="780"><subfield code="t">Peoria Ta&#776;gliche Sonne</subfield><subfield code="w">(DLC)sn 92054482</subfield><subfield code="w">(OCoLC)25361771</subfield></datafield></record>